<?xml version="1.0" encoding="UTF-8"?><collection xmlns="http://www.loc.gov/MARC21/slim"><record><leader>00537nam--2200145-i-4500</leader><controlfield tag="001">000009020</controlfield><controlfield tag="002">20161230</controlfield><controlfield tag="005">20161230201028</controlfield><controlfield tag="008">060222s1000------------r-----000-0-eng-d</controlfield><datafield ind1=" " ind2=" " tag="080"><subfield code="a">621.311.2</subfield></datafield><datafield ind1=" " ind2=" " tag="100"><subfield code="a">Arie, Ecaterina</subfield></datafield><datafield ind1=" " ind2=" " tag="245"><subfield code="a">Forme de reprezentare in studiul sigurantei de functionare a retelelor electrice</subfield></datafield><datafield ind1=" " ind2=" " tag="260"><subfield code="a">Bucuresti, Consiliul National Al Inginerilor Si Tehnicienilor, 1969 9 P. + Bibl</subfield></datafield><datafield ind1=" " ind2=" " tag="490"><subfield code="a">A Doua Conferinta A Electricienilor.Iii. Sectia Sisteme, Centrale Si Utilizarea Energi Ei Electric</subfield></datafield><datafield ind1=" " ind2=" " tag="852"><subfield code="a">31632</subfield></datafield></record></collection>